@article{ladan2015comparing,
  title={Comparing performance between plain JavaScript and popular JavaScript frameworks},
  author={Ladan, Zlatko},
  year={2015}
} %http://www.diva-portal.org/smash/get/diva2:785240/FULLTEXT01.pdf

@article{selakovic2015performance,
  title={Performance Issues and Optimizations in JavaScript: An Empirical Study},
  author={Selakovic, Marija and Pradel, Michael},
  year={2015}
} %http://mp.binaervarianz.de/JS_perf_study_TR_Oct2015.pdf

@book{0013700250,
title = {Pro Typescript : Application-Scale JavaScript Development },
shorttitle = {Pro Typescript : Application-Scale JavaScript Development },
volume = {},
author = {Fenton, Steve},
address = {Berlin},
publisher = {APress :},
year = {2014},
edition = {2014 ed.},
isbn = {9781430267911 (pbk.) :},
isbn = {1430267917 (pbk.) :},
pages = {248 p.},
abstract = {},
note = {Paperback.},
url = {https://katalog.ub.uni-leipzig.de/Record/0013700250}
}

@mastersthesis{MALMSTROM753082,
   author = {MALMSTR{\"O}M, TIM JOHAN},
   institution = {KTH, School of Computer Science and Communication (CSC)},
   school = {KTH, School of Computer Science and Communication (CSC)},
   title = {Structuring modern web applications : A study of how to structure web clients to achieve modular, maintainable and longlived applications},
   year = {2014}
}

@article{DBLP:journals/corr/Joseph15,
  author    = {Renien John Joseph},
  title     = {Single Page Application and Canvas Drawing},
  journal   = {CoRR},
  volume    = {abs/1502.03530},
  year      = {2015},
  url       = {http://arxiv.org/abs/1502.03530},
  timestamp = {Mon, 02 Mar 2015 14:17:34 +0100},
  biburl    = {http://dblp.uni-trier.de/rec/bib/journals/corr/Joseph15},
  bibsource = {dblp computer science bibliography, http://dblp.org}

@Inbook{Grant2014,
  author="Grant, Andrew",
  chapter="Directives",
  title="Beginning AngularJS",
  year="2014",
  publisher="Apress",
  address="Berkeley, CA",
  pages="75--90",
  isbn="978-1-4842-0160-2",
  doi="10.1007/978-1-4842-0160-2_5",
  url="http://dx.doi.org/10.1007/978-1-4842-0160-2_5"
}
